<record><leader>00000cas a22000007a 4500</leader><controlfield tag="001">10358245</controlfield><controlfield tag="008">840131d18561894maudn ne      0    0eng d</controlfield><datafield ind1=" " ind2=" " tag="010"><subfield code="a">sn 84022236 </subfield></datafield><datafield ind1=" " ind2=" " tag="040"><subfield code="a">NPX</subfield><subfield code="b">eng</subfield><subfield code="c">NPX</subfield><subfield code="d">NPY</subfield><subfield code="d">DLC</subfield><subfield code="d">NPA</subfield><subfield code="d">MGN</subfield><subfield code="d">OCLCG</subfield><subfield code="d">OCLCQ</subfield><subfield code="d">NLC</subfield></datafield><datafield ind1=" " ind2=" " tag="016"><subfield code="a">(AMICUS)000014282405</subfield></datafield><datafield ind1="1" ind2=" " tag="029"><subfield code="a">AU@</subfield><subfield code="b">000025815162</subfield></datafield><datafield ind1=" " ind2=" " tag="042"><subfield code="a">msc</subfield></datafield><datafield ind1=" " ind2=" " tag="043"><subfield code="a">n-us-ma</subfield></datafield><datafield ind1="0" ind2="0" tag="050"><subfield code="a">Newspaper 8260</subfield></datafield><datafield ind1="0" ind2="4" tag="082"><subfield code="a">510</subfield></datafield><datafield ind1="0" ind2=" " tag="130"><subfield code="a">Boston daily traveller (Boston, Mass. : 1856)</subfield></datafield><datafield ind1="1" ind2="0" tag="245"><subfield code="a">Boston daily traveller.</subfield></datafield><datafield ind1="1" ind2="3" tag="246"><subfield code="a">Boston morning traveller</subfield></datafield><datafield ind1="1" ind2="3" tag="246"><subfield code="a">Boston traveller</subfield></datafield><datafield ind1=" " ind2=" " tag="250"><subfield code="a">[Morning ed.].</subfield></datafield><datafield ind1=" " ind2=" " tag="260"><subfield code="a">Boston [Mass.] :</subfield><subfield code="b">Worthington, Flanders &amp; Guild</subfield></datafield><datafield ind1=" " ind2=" " tag="300"><subfield code="a">v. ;</subfield><subfield code="c">69 cm.</subfield></datafield><datafield ind1=" " ind2=" " tag="310"><subfield code="a">Daily (except Sun. and holidays)</subfield></datafield><datafield ind1="1" ind2=" " tag="362"><subfield code="a">Began Oct. 1, 1856; ceased Dec. 18, 1894?</subfield></datafield><datafield ind1=" " ind2=" " tag="500"><subfield code="a">Aug. 11/16, 1890 issue called also "Special Grand Army edition."</subfield></datafield><datafield ind1=" " ind2=" " tag="500"><subfield code="a">Published as Boston morning traveller, Apr. 13-Sept. 15, 1857; "Morning" appears in title ornament.</subfield></datafield><datafield ind1=" " ind2=" " tag="500"><subfield code="a">Publishers: Worthington, Flanders &amp; Co., for the Traveller Newspaper Association, 1858-1859.</subfield></datafield><datafield ind1=" " ind2=" " tag="500"><subfield code="a">Editors: F. Andrews, 1856; S. Bowles, 1857; J.B. Morss, &lt;1858-1859&gt;; C.C. Hazewell, &lt;1858&gt;-1859; H.M. Stimson, &lt;1858&gt;-1859.</subfield></datafield><datafield ind1=" " ind2=" " tag="580"><subfield code="a">Evening ed.: Daily evening traveller, 1856-1885.</subfield></datafield><datafield ind1=" " ind2=" " tag="580"><subfield code="a">Weekly ed.: American traveller (Boston, Mass. : 1855).</subfield></datafield><datafield ind1=" " ind2=" " tag="580"><subfield code="a">Semiweekly ed.: Boston traveller (Boston, Mass. : 1855).</subfield></datafield><datafield ind1=" " ind2=" " tag="580"><subfield code="a">Other ed.: Boston traveller for California.</subfield></datafield><datafield ind1=" " ind2=" " tag="588"><subfield code="a">Description based on: Vol. 1, no. 27 (Oct. 31, 1856).</subfield></datafield><datafield ind1="1" ind2=" " tag="700"><subfield code="a">Andrews, Ferdinand,</subfield><subfield code="d">1802-1883.</subfield></datafield><datafield ind1="1" ind2=" " tag="700"><subfield code="a">Bowles, Samuel,</subfield><subfield code="d">1826-1878.</subfield></datafield><datafield ind1=" " ind2=" " tag="752"><subfield code="a">United States</subfield><subfield code="b">Massachusetts</subfield><subfield code="c">Suffolk</subfield><subfield code="d">Boston.</subfield></datafield><datafield ind1="1" ind2=" " tag="775"><subfield code="t">Daily evening traveller</subfield><subfield code="w">(DLC)sn 84022235</subfield></datafield><datafield ind1="1" ind2=" " tag="775"><subfield code="t">American traveller (Boston, Mass. : 1855)</subfield><subfield code="w">(DLC)sn 84022242</subfield></datafield><datafield ind1="1" ind2=" " tag="775"><subfield code="t">Boston traveller (Boston, Mass. : 1855)</subfield><subfield code="w">(DLC)sn 84022244</subfield></datafield><datafield ind1="1" ind2=" " tag="775"><subfield code="t">Boston traveller for California</subfield><subfield code="w">(DLC)sn 84022237</subfield></datafield><datafield ind1="0" ind2="5" tag="780"><subfield code="t">Boston daily Atlas (Boston, Mass. : 1844)</subfield><subfield code="g">1857</subfield><subfield code="w">(DLC)sn 84022191</subfield></datafield><datafield ind1="0" ind2="5" tag="780"><subfield code="t">Boston daily chronicle</subfield><subfield code="g">1857</subfield><subfield code="w">(DLC)sn 84022233</subfield></datafield><datafield ind1="0" ind2="0" tag="785"><subfield code="t">Boston traveller (Boston, Mass. : 1894)</subfield></datafield></record>